<?xml version="1.0" encoding="UTF-8"?><collection xmlns="http://www.loc.gov/MARC21/slim"><record><leader>00485nam--2200145-i-4500</leader><controlfield tag="001">000005916</controlfield><controlfield tag="002">20161230</controlfield><controlfield tag="005">20170114000506</controlfield><controlfield tag="008">060222s1000------------r-----000-0-eng-d</controlfield><datafield ind1=" " ind2=" " tag="245"><subfield code="a">Kernreaktoren fur schiffsantriebe. 2. Jahrbuch der studiengesellschaft zur forderung der kern energieverwertung in schiffbau und schiffahrt e.v.1959</subfield></datafield><datafield ind1=" " ind2=" " tag="260"><subfield code="a">Munchen</subfield><subfield code="b">Verlag Karl Thiemig Kg</subfield><subfield code="c">1961</subfield></datafield><datafield ind1=" " ind2=" " tag="300"><subfield code="a">XXXI + 156 p</subfield></datafield><datafield ind1=" " ind2=" " tag="700"><subfield code="a">Scholvin, J</subfield></datafield><datafield ind1=" " ind2=" " tag="852"><subfield code="a">17528</subfield></datafield><datafield ind1=" " ind2=" " tag="CAT"><subfield code="a">SYS</subfield><subfield code="c">20170114</subfield><subfield code="h">000506</subfield></datafield></record></collection>